%%%%%%%%%%%%%%%%%%%%%%%%%%%%%%%%%%%%%%%%%%%%%%%%%%%%%%%%%%%%%%%%%%
%
%			               		ANALYSIS
%
%%%%%%%%%%%%%%%%%%%%%%%%%%%%%%%%%%%%%%%%%%%%%%%%%%%%%%%%%%%%%%%%%%%%

@book {Folland_RealAnalysis,
	AUTHOR = {Folland, Gerald B.},
	TITLE = {Real {A}nalysis},
	SERIES = {Pure and Applied Mathematics (New York)},
	EDITION = {Second},
	NOTE = {Modern techniques and their applications,
	A Wiley-Interscience Publication},
	PUBLISHER = {John Wiley \& Sons, Inc., New York},
	YEAR = {1999},
	PAGES = {xvi+386},
	ISBN = {0-471-31716-0},
	MRCLASS = {00A05 (26-01 28-01 46-01)},
	MRNUMBER = {1681462},
}

%%%%%%%%%%%%%%%%%%%%%%%%%%%%%%%%%%%%%%%%%%%%%%%%%%%%%%%%%%%%%%%%%%%%%%
%
%						CATEGORY THEORY
%
%%%%%%%%%%%%%%%%%%%%%%%%%%%%%%%%%%%%%%%%%%%%%%%%%%%%%%%%%%%%%%%%%%%%
@article{Baez_CompFrameLinearNetworks,
	title={A {C}ompositional {F}ramework for {P}assive {L}inear {N}etworks},
	author={Baez, John C and Fong, Brendan},
	journal={},
	year={2015},
	note={Available as \href{https://arxiv.org/abs/1504.05625}{arXiv:1504.05625}}
}
@article{Baez_CompFrameMarkovProcess,
	title={A {C}ompositional {F}ramework for {M}arkov {P}rocesses},
	author={John Baez and Brendan Fong and Blake Pollard},
	journal={{J}. {M}ath. {P}hys.},
	volume={57},
	number={3},
	pages={033301},
	year={2016},
	publisher={AIP Publishing},
	note={Available as \href{https://arxiv.org/abs/1508.06448}{arXiv:1508.06448}}
}
@book {BarrWells_ToposTriplesTheories,
	AUTHOR = {Barr, Michael and Wells, Charles},
	TITLE = {Toposes, {T}riples and {T}heories},
	SERIES = {Grundlehren der Mathematischen Wissenschaften [Fundamental
	Principles of Mathematical Sciences]},
	VOLUME = {278},
	PUBLISHER = {Springer-Verlag, New York},
	YEAR = {1985},
	PAGES = {xiii+345},
	ISBN = {0-387-96115-1},
	MRCLASS = {18-02 (03G30 18B25 18C10 18C15 18F10 18F20)},
	MRNUMBER = {771116},
	MRREVIEWER = {Andre Scedrov},
	DOI = {10.1007/978-1-4899-0021-0},
	note = {Available at \href{http://www.tac.mta.ca/tac/reprints/articles/12/tr12.pdf}{http://www.tac.mta.ca/tac/reprints/articles/12/tr12.pdf}},
}
@Inbook{Benabou_Bicats,
	author={B{\'e}nabou, Jean},
	title={Introduction to {B}icategories},
	bookTitle={Reports of the Midwest Category Seminar},
	year={1967},
	publisher={Springer Berlin Heidelberg},
	address={Berlin, Heidelberg},
	pages={1--77},
	isbn={978-3-540-35545-8},
	doi={10.1007/BFb0074299}
}
@article{Courser_DecoratedCospanBicat,
	title={A {B}icategory of {D}ecorated {C}ospans},
	author={Courser, Kenny},
	note={Available as \href{https://arxiv.org/abs/1605.08100}{arXiv:1605.08100}},
	year={2016}
}
@article{Erbele_CatsInControl,
	title={Categories in {C}ontrol},
	author={Baez, John C and Erbele, Jason},
	journal={Theor. Appl. Categ.},
	volume={30},
	number={24},
	pages={836--881},
	year={2015},
	note={Available at \href{http://www.emis.ams.org/journals/TAC/volumes/30/24/30-24.pdf}{http://www.emis.ams.org/journals/TAC/volumes/30/24/30-24.pdf}}
	
}
@article{Fong_Decorated,
	title={Decorated {C}ospans},
	author={Fong, Brendan},
	journal={Theor. Appl. Categ.},
	volume={30},
	number={33},
	pages={1096--1120},
	year={2015},
	note={Available at \href{http://www.emis.ams.org/journals/TAC/volumes/30/33/30-33.pdf}{http://www.emis.ams.org/journals/TAC/volumes/30/33/30-33.pdf}}
}
@book {Johnstone_ElephantV1,
	AUTHOR = {Johnstone, Peter T.},
	TITLE = {Sketches of an {E}lephant: {A} {T}opos {T}heory {C}ompendium. {V}ol. 1},
	SERIES = {Oxford Logic Guides},
	VOLUME = {43},
	PUBLISHER = {The Clarendon Press, Oxford University Press, New York},
	YEAR = {2002},
	PAGES = {xxii+468+71},
	ISBN = {0-19-853425-6},
	MRCLASS = {18B25 (18-02)},
	MRNUMBER = {1953060},
	MRREVIEWER = {Colin McLarty},
}
@incollection{LackSoboc_AdhesiveCategories,
    AUTHOR = {Lack, Stephen and Soboci{\'n}ski, Pawe{\l}},
     TITLE = {Adhesive categories},
 BOOKTITLE = {Foundations of {S}oftware {S}cience and {C}omputation {S}tructures},
    SERIES = {Lecture Notes in Comput. Sci.},
    VOLUME = {2987},
     PAGES = {273--288},
 PUBLISHER = {Springer, Berlin},
      YEAR = {2004},
   MRCLASS = {68Q42 (18C50)},
  MRNUMBER = {2147115},
       DOI = {10.1007/978-3-540-24727-2_20},
       note = {Available at {\href{ftp://ftp.daimi.au.dk/BRICS/RS/03/31/BRICS-RS-03-31.pdf}ftp://ftp.daimi.au.dk/BRICS/RS/03/31/BRICS-RS-03-31.pdf}}}
}
@incollection {LackSoboc_ToposesAdhesive,
	AUTHOR = {Lack, Stephen and Soboci{\'n}ski, Pawe{\l}},
	TITLE = {Toposes are {A}dhesive},
	BOOKTITLE = {Graph transformations},
	SERIES = {Lecture Notes in Comput. Sci.},
	VOLUME = {4178},
	PAGES = {184--198},
	PUBLISHER = {Springer, Berlin},
	YEAR = {2006},
	MRCLASS = {18B25 (68Q85 68R10)},
	MRNUMBER = {2338562},
	DOI = {10.1007/11841883_14},
	note = {Available at {\href{http://users.ecs.soton.ac.uk/ps/papers/toposesAdhesive.pdf}{http://users.ecs.soton.ac.uk/ps/papers/toposesAdhesive.pdf}}}
}
@article{Leinster_Bicats,
	author={Leinster, Tom},
	title={Basic {B}icategories},
	note={Available as \href{https://arxiv.org/abs/math/9810017}{arXiv:math/9810017}},
	volume={589},
	year={1998},
	publisher={Citeseer}
}
@book{Maclane_CatsWorking,
	title={Categories for the {W}orking {M}athematician},
	author={Mac Lane, Saunders},
	volume={5},
	year={2013},
	publisher={Springer Science \& Business Media}
}
@book {MacLaneMoerdijk_SheavesGeomLogic,
	AUTHOR = {Mac Lane, Saunders and Moerdijk, Ieke},
	TITLE = {Sheaves in {G}eometry and {L}ogic},
	SERIES = {Universitext},
	NOTE = {A first introduction to topos theory},
	PUBLISHER = {Springer-Verlag, New York},
	YEAR = {1994},
	PAGES = {xii+629},
	ISBN = {0-387-97710-4},
	MRCLASS = {03G30 (18B25 54B40)},
	MRNUMBER = {1300636},
	MRREVIEWER = {M. Makkai},
}
@article{Rebro_Span2,
	title={Building the {B}icategory {$\textbf{Span}_2 (C)$}},
	author={Rebro, Franciscus},
	year={2015},
	journal={},
	note={Available as \href{https://arxiv.org/abs/1501.00792}{arXiv:1501.00792}},
}

@article{RoseSabadinWalters_SepAlgNCospansGraphs,
	title={Generic {C}ommutative {S}eparable {A}lgebras and {C}ospans of {G}raphs},
	author={Rosebrugh, Robert and Sabadini, Nicoletta and Walters, RFC},
	journal={Theor. Appl. Categ.},
	volume={15},
	number={6},
	pages={164--177},
	year={2005},
	note={Available at \href{http://www.tac.mta.ca/tac/volumes/15/6/15-06.pdf}{http://www.tac.mta.ca/tac/volumes/15/6/15-06.pdf}}  
}

@incollection{RoseSabadinWalters_CalcColimsComp,
	title={Calculating {C}olimits {C}ompositionally},
	author={Rosebrugh, Robert and Sabadini, Nicoletta and Walters, Robert FC},
	booktitle={Concurrency, Graphs and Models},
	pages={581--592},
	year={2008},
	publisher={Springer},
	note={Available as \href{https://arxiv.org/abs/0712.2525}{arXiv:0712.2525}}
}
%%%%%%%%%%%%%%%%%%%%%%%%%%%%%%%%%%%%%%%%%%%%%%%%%%%%%%%%%%%%%%%%%%%
%
%			                         COMPUTER SCIENCE
%
%%%%%%%%%%%%%%%%%%%%%%%%%%%%%%%%%%%%%%%%%%%%%%%%%%%%%%%%%%%%%%%%%%%%

@article{Fiore_OpModelsProcessCalulii,
	title={Comparing {O}perational {M}odels of {N}ame-{P}assing {P}rocess {C}alculi},
	author={Fiore, Marcelo and Staton, Sam},
	journal={Inform. Comput.},
	volume={204},
	number={4},
	pages={524--560},
	year={2006},
	publisher={Elsevier},
	note={Available at \href{http://www.cs.ox.ac.uk/people/samuel.staton/papers/cmcs04.pdf}{http://www.cs.ox.ac.uk/people/samuel.staton/papers/cmcs04.pdf}}
}


%%%%%%%%%%%%%%%%%%%%%%%%%%%%%%%%%%%%%%%%%%%%%%%%%%%%%%%%%%%%%%%%%%%%%%%
%
%			                            PROBABILITY THEORY
%
%%%%%%%%%%%%%%%%%%%%%%%%%%%%%%%%%%%%%%%%%%%%%%%%%%%%%%%%%%%%%%%%%%%%%%%%

@article {AbramBlutePanan_NuclearTraceIdeals,
	AUTHOR = {Abramsky, Samson and Blute, Richard and Panangaden, Prakash},
	TITLE = {Nuclear and {T}race {I}deals in {T}ensored {$\ast$}-{C}ategories},
	NOTE = {Special volume on the occasion of the 60th birthday of
	Professor Michael Barr (Montreal, QC, 1997)},
	JOURNAL = {J. Pure Appl. Algebra},
	FJOURNAL = {J. Pure Appl. Algebra},
	VOLUME = {143},
	YEAR = {1999},
	NUMBER = {1-3},
	PAGES = {3--47},
	ISSN = {0022-4049},
	CODEN = {JPAAA2},
	MRCLASS = {47L20 (18D10 46M15 47B10)},
	MRNUMBER = {1731037},
	MRREVIEWER = {J. Wick Pelletier},
	DOI = {10.1016/S0022-4049(98)00106-6},
	note = {Available as \href{https://arxiv.org/abs/math/9805102}{arXiv:math/9805102}}
}
@article {CulbSturtz_CategoricalBayesProb,
	AUTHOR = {Culbertson, Jared and Sturtz, Kirk},
	TITLE = {A {C}ategorical {F}oundation for {B}ayesian {P}robability},
	JOURNAL = {Appl. Categ. Structures},
	FJOURNAL = {Applied Categorical Structures. A Journal Devoted to
	Applications of Categorical Methods in Algebra, Analysis,
	Order, Topology and Computer Science},
	VOLUME = {22},
	YEAR = {2014},
	NUMBER = {4},
	PAGES = {647--662},
	ISSN = {0927-2852},
	MRCLASS = {60A05 (62C10)},
	MRNUMBER = {3227610},
	MRREVIEWER = {Choh Man Teng},
	DOI = {10.1007/s10485-013-9324-9},
	note = {Available as \href{https://arxiv.org/abs/1205.1488}{arXiv:1205.1488}},
}
@article {Faden_ExistRegCondProbs,
	AUTHOR = {Faden, Arnold M.},
	TITLE = {The {E}xistence of {R}egular {C}onditional {P}robabilities: {N}ecessary and {S}ufficient {C}onditions},
	JOURNAL = {Ann. Probab.},
	FJOURNAL = {The Annals of Probability},
	VOLUME = {13},
	YEAR = {1985},
	NUMBER = {1},
	PAGES = {288--298},
	ISSN = {0091-1798},
	CODEN = {APBYAE},
	MRCLASS = {60A10 (28C20)},
	MRNUMBER = {770643},
	MRREVIEWER = {D. Ramachandran},
	note =
	{Available at \href{https://projecteuclid.org/euclid.aop/1176993081}{https://projecteuclid.org/euclid.aop/1176993081}},
}
@article{Fong_CatBayesianNetworks,
	author={Fong, Brendan},
	title={Causal {T}heories: A {C}ategorical {P}erspective on {B}ayesian {N}etworks},
	journal={arXiv preprint arXiv:1301.6201},
	year={2013},
	note={Available as \href{https://arxiv.org/abs/1301.6201}{arXiv:1301.6201}}
}
@incollection {Giry_GiryMonad,
	AUTHOR = {Giry, Mich{\`e}le},
	TITLE = {A {C}ategorical {A}pproach to {P}robability {T}heory},
	BOOKTITLE = {Categorical aspects of topology and analysis ({O}ttawa,
	{O}nt., 1980)},
	SERIES = {Lecture Notes in Math.},
	VOLUME = {915},
	PAGES = {68--85},
	PUBLISHER = {Springer, Berlin-New York},
	YEAR = {1982},
	MRCLASS = {60A05 (18B99 60G05)},
	MRNUMBER = {659884},
	MRREVIEWER = {A. I. Dale},
}
@article{Lawvere_CatOfProbMaps,
	author={Lawvere, F William},
	title={The {C}ategory of {P}robabilistic {M}appings},
	journal={preprint},
	year={1962}
}
@article{Panangaden_ProbRels,
	author={Panangaden, Prakash},
	title={Probabilistic {R}elations},
	journal={SCHOOL OF COMPUTER SCIENCE RESEARCH REPORTS-UNIVERSITY OF BIRMINGHAM CSR},
	pages={59--74},
	year={1998},
	publisher={Citeseer}
}
@article{Rodine_PerfectProbRegCondProb,
	author={Rodine, Robert H},
	title={Perfect {P}robability {M}easures and {R}egular {C}onditional {P}robabilities},
	journal={Ann. Math. Stat.},
	pages={1273--1278},
	year={1966},
	publisher={JSTOR}
}

%%%%%%%%%%%%%%%%%%%%%%%%%%%%%%%%%%%%%%%%%%%%%%%%%%%%%%%%%%%%%%%%%%%%%%%%%
%
%                                         PHYSICS & INFORMATION THEORY
%
%%%%%%%%%%%%%%%%%%%%%%%%%%%%%%%%%%%%%%%%%%%%%%%%%%%%%%%%%%%%%%%%%%%%%%%%%%


@article{BaezFritz_RelEntropy,
  title={A {B}ayesian {C}haracterization of {R}elative {E}ntropy},
  author={Baez, John C and Fritz, Tobias},
  journal={Theor. Appl. Categ.},
  volume={29},
  number={16},
  pages={422--456},
  year={2014},
  note={Available at \href{http://www.tac.mta.ca/tac/volumes/29/16/29-16abs.html}{http://www.tac.mta.ca/tac/volumes/29/16/29-16abs.html}}
}

%%%%%%%%%%%%%%%%%%%%%%%%%%%%%%%%%%%%%%%%%%%%%%%%%%%%%%%%%%%%%%%%%%%%%%%%%%%
%
%                                                  REWRITING SYSTEMS
%
%%%%%%%%%%%%%%%%%%%%%%%%%%%%%%%%%%%%%%%%%%%%%%%%%%%%%%%%%%%%%%%%%%%%%%%%%%

@book{Baader_TermRewritingAllThat,
	title={Term {R}ewriting and {A}ll {T}hat},
	author={Baader, Franz and Nipkow, Tobias},
	year={1998},
	publisher={Cambridge University Press}
}
@inproceedings{Ehrig_GraphGramAlgAp,
	title={Graph-{G}rammars: An {A}lgebraic {A}pproach},
	author={Ehrig, Hartmut and Pfender, 
	Michael and Schneider, Hans J{\"u}rgen},
	booktitle={Switching and Automata Theory, 
	1973. SWAT'08. IEEE Conference Record of 
	14th Annual Symposium on},
	pages={167--180},
	year={1973},
	organization={IEEE}
}























